
% Journals

% First the Full Name is given, then the abbreviation used in the AMS Math
% Reviews, with an indication if it could not be found there.
% Note the 2nd overwrites the 1st, so swap them if you want the full name.

 %{AMS}
 @String{AMSTrans = "American Mathematical Society Translations" }
 @String{AMSTrans = "Amer. Math. Soc. Transl." }
 @String{BullAMS = "Bulletin of the American Mathematical Society" }
 @String{BullAMS = "Bull. Amer. Math. Soc." }
 @String{ProcAMS = "Proceedings of the American Mathematical Society" }
 @String{ProcAMS = "Proc. Amer. Math. Soc." }
 @String{TransAMS = "Transactions of the American Mathematical Society" }
 @String{TransAMS = "Trans. Amer. Math. Soc." }

 %ACM
 @String{CACM = "Communications of the {ACM}" }
 @String{CACM = "Commun. {ACM}" }
 @String{CompServ = "Comput. Surveys" }
 @String{JACM = "J. ACM" }
 @String{ACMMathSoft = "{ACM} Transactions on Mathematical Software" }
 @String{ACMMathSoft = "{ACM} Trans. Math. Software" }
 @String{SIGNUM = "{ACM} {SIGNUM} Newsletter" }
 @String{SIGNUM = "{ACM} {SIGNUM} Newslett." }

 @String{AmerSocio = "American Journal of Sociology" }
 @String{AmerStatAssoc = "Journal of the American Statistical Association" }
 @String{AmerStatAssoc = "J. Amer. Statist. Assoc." }
 @String{ApplMathComp = "Applied Mathematics and Computation" }
 @String{ApplMathComp = "Appl. Math. Comput." }
 @String{AmerMathMonthly = "American Mathematical Monthly" }
 @String{AmerMathMonthly = "Amer. Math. Monthly" }
 @String{BIT = "{BIT}" }
 @String{BritStatPsych = "British Journal of Mathematical and Statistical
          Psychology" }
 @String{BritStatPsych = "Brit. J. Math. Statist. Psych." }
 @String{CanMathBull = "Canadian Mathematical Bulletin" }
 @String{CanMathBull = "Canad. Math. Bull." }
 @String{CompApplMath = "Journal of Computational and Applied Mathematics" }
 @String{CompApplMath = "J. Comput. Appl. Math." }
 @String{CompPhys = "Journal of Computational Physics" }
 @String{CompPhys = "J. Comput. Phys." }
 @String{CompStruct = "Computers and Structures" }
 @String{CompStruct = "Comput. \& Structures" }
 @String{CompJour = "The Computer Journal" }
 @String{CompJour = "Comput. J." }
 @String{CompSysSci = "Journal of Computer and System Sciences" }
 @String{CompSysSci = "J. Comput. System Sci." }
 @String{Computing = "Computing" }
 @String{ContempMath = "Contemporary Mathematics" }
 @String{ContempMath = "Contemp. Math." }
 @String{Crelle = "Crelle's Journal" }
 @String{GiornaleMath = "Giornale di Mathematiche" }
 @String{GiornaleMath = "Giorn. Mat." } % didn't find in AMS MR., ibid.

 %IEEE
 @String{Computer = "{IEEE} Computer" }
 @String{IEEETransComp = "{IEEE} Transactions on Computers" }
 @String{IEEETransComp = "{IEEE} Trans. Comput." }
 @String{IEEETransAC = "{IEEE} Transactions on Automatic Control" }
 @String{IEEETransAC = "{IEEE} Trans. Automat. Control" }
 @String{IEEESpec = "{IEEE} Spectrum" } % didn't find in AMS MR
 @String{ProcIEEE = "Proceedings of the {IEEE}" }
 @String{ProcIEEE = "Proc. {IEEE}" } % didn't find in AMS MR
 @String{IEEETransAeroElec = "{IEEE} Transactions on Aerospace and Electronic
     Systems" }
 @String{IEEETransAeroElec = "{IEEE} Trans. Aerospace Electron. Systems" }

 @String{IMANumerAna = "{IMA} Journal of Numerical Analysis" }
 @String{IMANumerAna = "{IMA} J. Numer. Anal." }
 @String{InfProcLet = "Information Processing Letters" }
 @String{InfProcLet = "Inform. Process. Lett." }
 @String{InstMathApp = "Journal of the Institute of Mathematics and
     its Applications" }
 @String{InstMathApp = "J. Inst. Math. Appl." }
 @String{IntControl = "International Journal of Control" }
 @String{IntControl = "Internat. J. Control" }
 @String{IntNumerEng = "International Journal for Numerical Methods in
     Engineering" }
 @String{IntNumerEng = "Internat. J. Numer. Methods Engrg." }
 @String{IntSuper = "International Journal of Supercomputing Applications" }
 @String{IntSuper = "Internat. J. Supercomputing Applic." } % didn't find
%% in AMS MR
 @String{Kibernetika = "Kibernetika" }
 @String{JResNatBurStand = "Journal of Research of the National Bureau
     of Standards" }
 @String{JResNatBurStand = "J. Res. Nat. Bur. Standards" }
 @String{LinAlgApp = "Linear Algebra and its Applications" }
 @String{LinAlgApp = "Linear Algebra Appl." }
 @String{MathAnaAppl = "Journal of Mathematical Analysis and Applications" }
 @String{MathAnaAppl = "J. Math. Anal. Appl." }
 @String{MathAnnalen = "Mathematische Annalen" }
 @String{MathAnnalen = "Math. Ann." }
 @String{MathPhys = "Journal of Mathematical Physics" }
 @String{MathPhys = "J. Math. Phys." }
 @String{MathComp = "Mathematics of Computation" }
 @String{MathComp = "Math. Comp." }
 @String{MathScand = "Mathematica Scandinavica" }
 @String{MathScand = "Math. Scand." }
 @String{TablesAidsComp = "Mathematical Tables and Other Aids to Computation" }
 @String{TablesAidsComp = "Math. Tables Aids Comput." }
 @String{NumerMath = "Numerische Mathematik" }
 @String{NumerMath = "Numer. Math." }
 @String{PacificMath = "Pacific Journal of Mathematics" }
 @String{PacificMath = "Pacific J. Math." }
 @String{ParDistComp = "Journal of Parallel and Distributed Computing" }
 @String{ParDistComp = "J. Parallel and Distrib. Comput." } % didn't find
%% in AMS MR
 @String{ParComputing = "Parallel Computing" }
 @String{ParComputing = "Parallel Comput." }
 @String{PhilMag = "Philosophical Magazine" }
 @String{PhilMag = "Philos. Mag." }
 @String{ProcNAS = "Proceedings of the National Academy of Sciences
                    of the USA" }
 @String{ProcNAS = "Proc. Nat. Acad. Sci. U. S. A." }
 @String{Psychometrika = "Psychometrika" }
 @String{QuartMath = "Quarterly Journal of Mathematics, Oxford, Series (2)" }
 @String{QuartMath = "Quart. J. Math. Oxford Ser. (2)" }
 @String{QuartApplMath = "Quarterly of Applied Mathematics" }
 @String{QuartApplMath = "Quart. Appl. Math." }
 @String{RevueInstStat = "Review of the International Statisical Institute" }
 @String{RevueInstStat = "Rev. Inst. Internat. Statist." }

 %SIAM
 @String{JSIAM = "Journal of the Society for Industrial and Applied
     Mathematics" }
 @String{JSIAM = "J. Soc. Indust. Appl. Math." }
 @String{JSIAMB = "Journal of the Society for Industrial and Applied
     Mathematics, Series B, Numerical Analysis" }
 @String{JSIAMB = "J. Soc. Indust. Appl. Math. Ser. B Numer. Anal." }
 @String{SIAMAlgMeth = "{SIAM} Journal on Algebraic and Discrete Methods" }
 @String{SIAMAlgMeth = "{SIAM} J. Algebraic Discrete Methods" }
 @String{SIAMAppMath = "{SIAM} Journal on Applied Mathematics" }
 @String{SIAMAppMath = "{SIAM} J. Appl. Math." }
 @String{SIAMComp = "{SIAM} Journal on Computing" }
 @String{SIAMComp = "{SIAM} J. Comput." }
 @String{SIAMMatrix = "{SIAM} Journal on Matrix Analysis and Applications" }
 @String{SIAMMatrix = "{SIAM} J. Matrix Anal. Appl." }
 @String{SIAMNumAnal = "{SIAM} Journal on Numerical Analysis" }
 @String{SIAMNumAnal = "{SIAM} J. Numer. Anal." }
 @String{SIAMReview = "{SIAM} Review" }
 @String{SIAMReview = "{SIAM} Rev." }
 @String{SIAMSciStat = "{SIAM} Journal on Scientific and Statistical
     Computing" }
 @String{SIAMSciStat = "{SIAM} J. Sci. Statist. Comput." }

 @String{SoftPracExp = "Software Practice and Experience" }
 @String{SoftPracExp = "Software Prac. Experience" } % didn't find in AMS MR
 @String{StatScience = "Statistical Science" }
 @String{StatScience = "Statist. Sci." }
 @String{Techno = "Technometrics" }
 @String{USSRCompMathPhys = "{USSR} Computational Mathematics and Mathematical
     Physics" }
 @String{USSRCompMathPhys = "{U. S. S. R.} Comput. Math. and Math. Phys." }
 @String{VLSICompSys = "Journal of {VLSI} and Computer Systems" }
 @String{VLSICompSys = "J. {VLSI} Comput. Syst." }
 @String{ZAngewMathMech = "Zeitschrift fur Angewandte Mathematik und
     Mechanik" }
 @String{ZAngewMathMech = "Z. Angew. Math. Mech." }
 @String{ZAngewMathPhys = "Zeitschrift fur Angewandte Mathematik und Physik" }
 @String{ZAngewMathPhys = "Z. Angew. Math. Phys." }

% Publishers % ================================================= |

 @String{Academic = "Academic Press" }
 @String{ACMPress = "{ACM} Press" }
 @String{AdamHilger = "Adam Hilger" }
 @String{AddisonWesley = "Addison-Wesley" }
 @String{AllynBacon = "Allyn and Bacon" }
 @String{AMS = "American Mathematical Society" }
 @String{Birkhauser = "Birkh{\"a}user" }
 @String{CambridgePress = "Cambridge University Press" }
 @String{Chelsea = "Chelsea" }
 @String{ClaredonPress = "Claredon Press" }
 @String{DoverPub = "Dover Publications" }
 @String{Eyolles = "Eyolles" }
 @String{HoltRinehartWinston = "Holt, Rinehart and Winston" }
 @String{Interscience = "Interscience" }
 @String{JohnsHopkinsPress = "The Johns Hopkins University Press" }
 @String{JohnWileySons = "John Wiley and Sons" }
 @String{Macmillan = "Macmillan" }
 @String{MathWorks = "The Math Works Inc." }
 @String{McGrawHill = "McGraw-Hill" }
 @String{NatBurStd = "National Bureau of Standards" }
 @String{NorthHolland = "North-Holland" }
 @String{OxfordPress = "Oxford University Press" }  %address Oxford or London?
 @String{PergamonPress = "Pergamon Press" }
 @String{PlenumPress = "Plenum Press" }
 @String{PrenticeHall = "Prentice-Hall" }
 @String{SIAMPub = "{SIAM} Publications" }
 @String{Springer = "Springer-Verlag" }
 @String{TexasPress = "University of Texas Press" }
 @String{VanNostrand = "Van Nostrand" }
 @String{WHFreeman = "W. H. Freeman and Co." }

%Entries

@article{luo2020dream,
  title     = {Dream-experiment: a MR user interface with natural multi-channel interaction for virtual experiments},
  author    = {Luo, Tianren and Zhang, Mingmin and Pan, Zhigeng and Li, Zheng and Cai, Ning and Miao, Jinda and Chen, Youbin and Xu, Mingxi},
  journal   = {IEEE Transactions on Visualization and Computer Graphics},
  volume    = {26},
  number    = {12},
  pages     = {3524--3534},
  year      = {2020},
  publisher = {IEEE}
}

@article{yeung2021virtual,
  title     = {Virtual and augmented reality applications in medicine: analysis of the scientific literature},
  author    = {Yeung, Andy Wai Kan and Tosevska, Anela and Klager, Elisabeth and Eibensteiner, Fabian and Laxar, Daniel and Stoyanov, Jivko and Glisic, Marija and Zeiner, Sebastian and Kulnik, Stefan Tino and Crutzen, Rik and others},
  journal   = {Journal of medical internet research},
  volume    = {23},
  number    = {2},
  pages     = {e25499},
  year      = {2021},
  publisher = {JMIR Publications Inc., Toronto, Canada}
}

@article{yang2007impact,
  title     = {The impact of internet virtual physics laboratory instruction on the achievement in physics, science process skills and computer attitudes of 10th-grade students},
  author    = {Yang, Kun-Yuan and Heh, Jia-Sheng},
  journal   = {Journal of Science Education and Technology},
  volume    = {16},
  pages     = {451--461},
  year      = {2007},
  publisher = {Springer}
}

@inproceedings{abu2018design,
  title        = {Design and development of mobile augmented reality for physics experiment},
  author       = {Abu Bakar, Juliana Aida and Gopalan, Valarmathie and Zulkifli, Abdul Nasir and Alwi, Asmidah},
  booktitle    = {User Science and Engineering: 5th International Conference, i-USEr 2018, Puchong, Malaysia, August 28--30, 2018, Proceedings 5},
  pages        = {47--58},
  year         = {2018},
  organization = {Springer}
}

@article{dalgarno2010learning,
  title     = {What are the learning affordances of 3-D virtual environments?},
  author    = {Dalgarno, Barney and Lee, Mark JW},
  journal   = {British journal of educational technology},
  volume    = {41},
  number    = {1},
  pages     = {10--32},
  year      = {2010},
  publisher = {Wiley Online Library}
}

@misc{campos2022impact,
  title  = {Impact of virtual reality use on the teaching and learning of vectors. Frontiers in Education, 7 (September), 1--15},
  author = {Campos, E and Hidrogo, I and Zavala, G},
  year   = {2022}
}

@article{giri2021application,
  title     = {An application-based review of haptics technology},
  author    = {Giri, Gowri Shankar and Maddahi, Yaser and Zareinia, Kourosh},
  journal   = {Robotics},
  volume    = {10},
  number    = {1},
  pages     = {29},
  year      = {2021},
  publisher = {MDPI}
}

@inproceedings{minaker2016handson,
  title        = {HandsOn: Enabling embodied, creative STEM e-learning with programming-free force feedback},
  author       = {Minaker, Gordon and Schneider, Oliver and Davis, Richard and MacLean, Karon E},
  booktitle    = {International Conference on Human Haptic Sensing and Touch Enabled Computer Applications},
  pages        = {427--437},
  year         = {2016},
  organization = {Springer}
}

@article{bonfert2023challenges,
  title     = {Challenges of controlling the rotation of virtual objects with variable grip using force-feedback gloves},
  author    = {Bonfert, Michael and H{\"u}binger, Maiko and Malaka, Rainer},
  journal   = {Frontiers in Virtual Reality},
  volume    = {4},
  pages     = {1190426},
  year      = {2023},
  publisher = {Frontiers Media SA}
}

@inproceedings{freina2015literature,
  title     = {A literature review on immersive virtual reality in education: state of the art and perspectives},
  author    = {Freina, Laura and Ott, Michela},
  booktitle = {The international scientific conference elearning and software for education},
  volume    = {1},
  number    = {133},
  pages     = {10--1007},
  year      = {2015}
}

@article{matovu2023immersive,
  title     = {Immersive virtual reality for science learning: Design, implementation, and evaluation},
  author    = {Matovu, Henry and Ungu, Dewi Ayu Kencana and Won, Mihye and Tsai, Chin-Chung and Treagust, David F and Mocerino, Mauro and Tasker, Roy},
  journal   = {Studies in Science Education},
  volume    = {59},
  number    = {2},
  pages     = {205--244},
  year      = {2023},
  publisher = {Taylor \& Francis}
}

@article{marougkas2023virtual,
  title     = {Virtual reality in education: a review of learning theories, approaches and methodologies for the last decade},
  author    = {Marougkas, Andreas and Troussas, Christos and Krouska, Akrivi and Sgouropoulou, Cleo},
  journal   = {Electronics},
  volume    = {12},
  number    = {13},
  pages     = {2832},
  year      = {2023},
  publisher = {MDPI}
}

@article{sweller1988cognitive,
  title     = {Cognitive load during problem solving: Effects on learning},
  author    = {Sweller, John},
  journal   = {Cognitive science},
  volume    = {12},
  number    = {2},
  pages     = {257--285},
  year      = {1988},
  publisher = {Elsevier}
}

@article{baceviciute2022investigating,
  title     = {Investigating the redundancy principle in immersive virtual reality environments: An eye-tracking and EEG study},
  author    = {Baceviciute, Sarune and Lucas, Gordon and Terkildsen, Thomas and Makransky, Guido},
  journal   = {Journal of Computer Assisted Learning},
  volume    = {38},
  number    = {1},
  pages     = {120--136},
  year      = {2022},
  publisher = {Wiley Online Library}
}

@article{keller1987development,
  title     = {Development and use of the ARCS model of instructional design},
  author    = {Keller, John M},
  journal   = {Journal of instructional development},
  volume    = {10},
  number    = {3},
  pages     = {2--10},
  year      = {1987},
  publisher = {Springer}
}

@article{sherman2003understanding,
  title     = {Understanding virtual reality},
  author    = {Sherman, William R and Craig, Alan B},
  journal   = {San Francisco, CA: Morgan Kauffman},
  year      = {2003},
  publisher = {Elsevier}
}

@article{regenbrecht2002real,
  title     = {Real and illusory interactions enhance presence in virtual environments},
  author    = {Regenbrecht, Holger and Schubert, Thomas},
  journal   = {Presence: Teleoperators \& Virtual Environments},
  volume    = {11},
  number    = {4},
  pages     = {425--434},
  year      = {2002},
  publisher = {MIT Press One Rogers Street, Cambridge, MA 02142-1209, USA journals-info~…}
}

@article{mikropoulos2006presence,
  title     = {Presence: a unique characteristic in educational virtual environments},
  author    = {Mikropoulos, Tassos A},
  journal   = {Virtual reality},
  volume    = {10},
  pages     = {197--206},
  year      = {2006},
  publisher = {Springer}
}

@article{schubert2001experience,
  title     = {The experience of presence: Factor analytic insights},
  author    = {Schubert, Thomas and Friedmann, Frank and Regenbrecht, Holger},
  journal   = {Presence: Teleoperators \& Virtual Environments},
  volume    = {10},
  number    = {3},
  pages     = {266--281},
  year      = {2001},
  publisher = {MIT Press One Rogers Street, Cambridge, MA 02142-1209, USA journals-info~…}
}

@incollection{ryan2024self,
  title     = {Self-determination theory},
  author    = {Ryan, Richard M and Deci, Edward L},
  booktitle = {Encyclopedia of quality of life and well-being research},
  pages     = {6229--6235},
  year      = {2024},
  publisher = {Springer}
}

@article{liu2024autonomy,
  title     = {How do autonomy and learner characteristics combine to influence learners’ learning outcomes and cognitive load in virtual reality learning environments? A fuzzy-set qualitative comparative analysis approach},
  author    = {Liu, Jiaxu and Liu, Qingtang and Yu, Shufan and Ma, Jingjing and Liu, Mengfan and Wu, Linjing},
  journal   = {Education and Information Technologies},
  volume    = {29},
  number    = {1},
  pages     = {77--101},
  year      = {2024},
  publisher = {Springer}
}

@article{lui2023theory,
  title     = {Theory-based learning design with immersive virtual reality in science education: A systematic review},
  author    = {Lui, Angela LC and Not, Christelle and Wong, Gary KW},
  journal   = {Journal of Science Education and Technology},
  volume    = {32},
  number    = {3},
  pages     = {390--432},
  year      = {2023},
  publisher = {Springer}
}

@article{georgiou2021learning,
  title     = {Learning experience design with immersive virtual reality in physics education},
  author    = {Georgiou, Yiannis and Tsivitanidou, Olia and Ioannou, Andri},
  journal   = {Educational Technology Research and Development},
  volume    = {69},
  number    = {6},
  pages     = {3051--3080},
  year      = {2021},
  publisher = {Springer}
}

@article{pegrum2021augmented,
  title     = {Augmented reality learning},
  author    = {Pegrum, Mark},
  journal   = {Innovative language pedagogy report},
  volume    = {115},
  year      = {2021},
  publisher = {Research-publishing. net}
}

@article{prahani2022trend,
  title     = {Trend and Visualization of Virtual Reality \& Augmented Reality in Physics Learning from 2002-2021.},
  author    = {Prahani, Binar Kurnia and Saphira, Hanandita Veda and Wibowo, Firmanul Catur and Sulaeman, Nurul Fitriyah and others},
  journal   = {Journal of Turkish Science Education},
  volume    = {19},
  number    = {4},
  pages     = {1096--1118},
  year      = {2022},
  publisher = {ERIC}
}

@article{al2020effectiveness,
  title     = {The effectiveness of a 3D-virtual reality learning environment (3D-VRLE) on the Omani eighth grade students’ achievement and motivation towards physics learning},
  author    = {Al Amri, Asmaa Y and Osman, Mohamed Eltahir and Al Musawi, Ali Sharaf},
  journal   = {International Journal of Emerging Technologies in Learning (Online)},
  volume    = {15},
  number    = {5},
  pages     = {4},
  year      = {2020},
  publisher = {International Association of Online Engineering (IAOE)}
}

@article{teichrew2020augmented,
  title     = {How augmented reality enhances typical classroom experiments: examples from mechanics, electricity and optics},
  author    = {Teichrew, Albert and Erb, Roger},
  journal   = {Physics Education},
  volume    = {55},
  number    = {6},
  pages     = {065029},
  year      = {2020},
  publisher = {IOP Publishing}
}

@inproceedings{ismail2019enhancing,
  title        = {Enhancing students’ conceptual understanding of electricity using learning media-based augmented reality},
  author       = {Ismail, A and Festiana, I and Hartini, TI and Yusal, Y and Malik, A},
  booktitle    = {Journal of Physics: Conference Series},
  volume       = {1157},
  number       = {3},
  pages        = {032049},
  year         = {2019},
  organization = {IOP Publishing}
}

@article{boettcher2021using,
  title   = {Using virtual reality for teaching the derivation of conservation laws in fluid mechanics.},
  author  = {Boettcher, Konrad ER and Behr, Alexander S},
  journal = {Int. J. Eng. Pedagog.},
  volume  = {11},
  number  = {4},
  pages   = {42--57},
  year    = {2021}
}

@article{zhang2023active,
  title     = {Active mechanical haptics with high-fidelity perceptions for immersive virtual reality},
  author    = {Zhang, Zhuang and Xu, Zhenghao and Emu, Luoqian and Wei, Pingdong and Chen, Sentao and Zhai, Zirui and Kong, Lingyu and Wang, Yong and Jiang, Hanqing},
  journal   = {Nature Machine Intelligence},
  volume    = {5},
  number    = {6},
  pages     = {643--655},
  year      = {2023},
  publisher = {Nature Publishing Group UK London}
}

@article{shen2023research,
  author  = {Yang Shen and Hailin Ji and Xinyi Ye and Qifan Meng and Yanlin Luo},
  title   = {Research on Human-Computer Interaction Technology in Immersive Virtual Reality Learning: A Case Study of K12 Physics Experiment Teaching},
  journal = {E-education Research},
  volume  = {44},
  number  = {10},
  pages   = {87--94, 120},
  year    = {2023},
  issn    = {1003-1553},
  doi     = {10.13811/j.cnki.eer.2023.10.012}
}

@article{johnson2023embodied,
  title     = {Embodied mixed reality with passive haptics in STEM education: randomized control study with chemistry titration},
  author    = {Johnson-Glenberg, Mina C and Yu, Christine SP and Liu, Frank and Amador, Charles and Bao, Yueming and Yu, Shufan and LiKamWa, Robert},
  journal   = {Frontiers in Virtual Reality},
  volume    = {4},
  pages     = {1047833},
  year      = {2023},
  publisher = {Frontiers Media SA}
}

@book{varela2017embodied,
  title     = {The embodied mind, revised edition: Cognitive science and human experience},
  author    = {Varela, Francisco J and Thompson, Evan and Rosch, Eleanor},
  year      = {2017},
  publisher = {MIT press}
}

@book{shapiro2019embodied,
  title     = {Embodied cognition},
  author    = {Shapiro, Lawrence},
  year      = {2019},
  publisher = {Routledge}
}

@inproceedings{qi2020impact,
  title        = {The impact of haptic and visual feedback on teaching},
  author       = {Qi, Kern and Borland, David and Jackson, Emily and Williams, Niall L and Minogue, James and Peck, Tabitha C},
  booktitle    = {2020 IEEE Conference on Virtual Reality and 3D User Interfaces Abstracts and Workshops (VRW)},
  pages        = {612--613},
  year         = {2020},
  organization = {IEEE}
}

@inproceedings{acevedo2022effects,
  title        = {Effects of tactile feedback on conceptual understanding of electromagnetism in a virtual reality experience},
  author       = {Acevedo, Pedro and Magana, Alejandra and Mousas, Christos and Walsh, Yoselyn and Pinto, Hector Will and Benes, Bedrich},
  booktitle    = {2022 IEEE International Symposium on Mixed and Augmented Reality Adjunct (ISMAR-Adjunct)},
  pages        = {588--593},
  year         = {2022},
  organization = {IEEE}
}

@inproceedings{knierim2020tangibility,
  title     = {Tangibility is overrated: Comparing learning experiences of physical setups and their virtual equivalent in augmented reality},
  author    = {Knierim, Pascal and Kiss, Francisco and Rauh, Maximilian and Schmidt, Albrecht},
  booktitle = {Proceedings of the 19th International Conference on Mobile and Ubiquitous Multimedia},
  pages     = {299--305},
  year      = {2020}
}

@article{liu2021effects,
  title     = {The effects of an augmented reality based magnetic experimental tool on students' knowledge improvement and cognitive load},
  author    = {Liu, Qingtang and Yu, Shufan and Chen, Wenli and Wang, Qiyun and Xu, Suxiao},
  journal   = {Journal of computer assisted learning},
  volume    = {37},
  number    = {3},
  pages     = {645--656},
  year      = {2021},
  publisher = {Wiley Online Library}
}

@article{hayward2004haptic,
  title     = {Haptic interfaces and devices},
  author    = {Hayward, Vincent and Astley, Oliver R and Cruz-Hernandez, Manuel and Grant, Danny and Robles-De-La-Torre, Gabriel},
  journal   = {Sensor review},
  volume    = {24},
  number    = {1},
  pages     = {16--29},
  year      = {2004},
  publisher = {Emerald Group Publishing Limited}
}

@article{sreelakshmi2017haptic,
  title     = {Haptic technology: A comprehensive review on its applications and future prospects},
  author    = {Sreelakshmi, M and Subash, TD},
  journal   = {Materials Today: Proceedings},
  volume    = {4},
  number    = {2},
  pages     = {4182--4187},
  year      = {2017},
  publisher = {Elsevier}
}

@article{adilkhanov2022haptic,
  title     = {Haptic devices: Wearability-based taxonomy and literature review},
  author    = {Adilkhanov, Adilzhan and Rubagotti, Matteo and Kappassov, Zhanat},
  journal   = {IEEE Access},
  volume    = {10},
  pages     = {91923--91947},
  year      = {2022},
  publisher = {IEEE}
}

@inproceedings{adel2018rendering,
  title        = {Rendering of virtual volumetric shapes using an electromagnetic-based haptic interface},
  author       = {Adel, Alaa and Micheal, Mina M and Abou Self, Mohamed and Abdennadher, Slim and Khalil, Islam SM},
  booktitle    = {2018 IEEE/RSJ International Conference on Intelligent Robots and Systems (IROS)},
  pages        = {1--9},
  year         = {2018},
  organization = {IEEE}
}

@inproceedings{zarate2020contact,
  title        = {Contact-free nonplanar haptics with a spherical electromagnet},
  author       = {Zarate, Juan Jose and Langerak, Thomas and Thomaszewski, Bernhard and Hilliges, Otmar},
  booktitle    = {2020 IEEE Haptics Symposium (HAPTICS)},
  pages        = {698--704},
  year         = {2020},
  organization = {IEEE}
}

@inproceedings{feick2023voxelhap,
  title     = {VoxelHap: A toolkit for constructing proxies providing tactile and kinesthetic haptic feedback in virtual reality},
  author    = {Feick, Martin and Biyikli, Cihan and Gani, Kiran and Wittig, Anton and Tang, Anthony and Kr{\"u}ger, Antonio},
  booktitle = {Proceedings of the 36th Annual ACM Symposium on User Interface Software and Technology},
  pages     = {1--13},
  year      = {2023}
}

@article{adilkhanov2020vibero,
  title     = {Vibero: Vibrotactile stiffness perception interface for virtual reality},
  author    = {Adilkhanov, Adilzhan and Yelenov, Amir and Reddy, Ramakanth Singal and Terekhov, Alexander and Kappassov, Zhanat},
  journal   = {IEEE Robotics and Automation Letters},
  volume    = {5},
  number    = {2},
  pages     = {2785--2792},
  year      = {2020},
  publisher = {IEEE}
}

@inproceedings{goetz2020patch,
  title        = {Patch: Pump-actuated thermal compression haptics},
  author       = {Goetz, Dustin T and Owusu-Antwi, David K and Culbertson, Heather},
  booktitle    = {2020 IEEE haptics symposium (HAPTICS)},
  pages        = {643--649},
  year         = {2020},
  organization = {IEEE}
}

@inproceedings{sakr2020haptic,
  title        = {Haptic remote control interface for robotic micro-assembly at low frequency},
  author       = {Sakr, Sophia and Cagneau, Barth{\'e}lemy and Daunizeau, Thomas and R{\'e}gnier, St{\'e}phane and Haliyo, Sinan},
  booktitle    = {2020 International Conference on Manipulation, Automation and Robotics at Small Scales (MARSS)},
  pages        = {1--7},
  year         = {2020},
  organization = {IEEE}
}

@inproceedings{chen2019haptivec,
  title     = {Haptivec: Presenting haptic feedback vectors in handheld controllers using embedded tactile pin arrays},
  author    = {Chen, Daniel KY and Chossat, Jean-Baptiste and Shull, Peter B},
  booktitle = {Proceedings of the 2019 CHI Conference on Human Factors in Computing Systems},
  pages     = {1--11},
  year      = {2019}
}

@inproceedings{kovacs2020haptic,
  title     = {Haptic pivot: On-demand handhelds in vr},
  author    = {Kovacs, Robert and Ofek, Eyal and Gonzalez Franco, Mar and Siu, Alexa Fay and Marwecki, Sebastian and Holz, Christian and Sinclair, Mike},
  booktitle = {Proceedings of the 33rd Annual ACM Symposium on User Interface Software and Technology},
  pages     = {1046--1059},
  year      = {2020}
}

@article{ozioko2022smart,
  title     = {Smart tactile gloves for haptic interaction, communication, and rehabilitation},
  author    = {Ozioko, Oliver and Dahiya, Ravinder},
  journal   = {Advanced Intelligent Systems},
  volume    = {4},
  number    = {2},
  pages     = {2100091},
  year      = {2022},
  publisher = {Wiley Online Library}
}

@article{chinello2019modular,
  title     = {A modular wearable finger interface for cutaneous and kinesthetic interaction: control and evaluation},
  author    = {Chinello, Francesco and Malvezzi, Monica and Prattichizzo, Domenico and Pacchierotti, Claudio},
  journal   = {IEEE Transactions on Industrial Electronics},
  volume    = {67},
  number    = {1},
  pages     = {706--716},
  year      = {2019},
  publisher = {IEEE}
}

@article{preechayasomboon2021haplets,
  title     = {Haplets: Finger-worn wireless and low-encumbrance vibrotactile haptic feedback for virtual and augmented reality},
  author    = {Preechayasomboon, Pornthep and Rombokas, Eric},
  journal   = {Frontiers in Virtual Reality},
  volume    = {2},
  pages     = {738613},
  year      = {2021},
  publisher = {Frontiers Media SA}
}

@article{zhao2020wearable,
  title     = {A wearable soft haptic communicator based on dielectric elastomer actuators},
  author    = {Zhao, Huichan and Hussain, Aftab M and Israr, Ali and Vogt, Daniel M and Duduta, Mihai and Clarke, David R and Wood, Robert J},
  journal   = {Soft robotics},
  volume    = {7},
  number    = {4},
  pages     = {451--461},
  year      = {2020},
  publisher = {Mary Ann Liebert, Inc., publishers 140 Huguenot Street, 3rd Floor New~…}
}

@inproceedings{pezent2022explorations,
  title     = {Explorations of wrist haptic feedback for AR/VR interactions with Tasbi},
  author    = {Pezent, Evan and Gupta, Aakar and Duhaime, Hank and O'Malley, Marcia and Israr, Ali and Samad, Majed and Robinson, Shea and Agarwal, Priyanshu and Benko, Hrvoje and Colonnese, Nick},
  booktitle = {Adjunct Proceedings of the 35th Annual ACM Symposium on User Interface Software and Technology},
  pages     = {1--5},
  year      = {2022}
}

@article{tong2023survey,
  title     = {Survey on hand-based haptic interaction for virtual reality},
  author    = {Tong, Qianqian and Wei, Wenxuan and Zhang, Yuru and Xiao, Jing and Wang, Dangxiao},
  journal   = {IEEE Transactions on Haptics},
  volume    = {16},
  number    = {2},
  pages     = {154--170},
  year      = {2023},
  publisher = {IEEE}
}

@article{salvato2022predicting,
  title     = {Predicting hand-object interaction for improved haptic feedback in mixed reality},
  author    = {Salvato, Mike and Heravi, Negin and Okamura, Allison M and Bohg, Jeannette},
  journal   = {IEEE Robotics and Automation Letters},
  volume    = {7},
  number    = {2},
  pages     = {3851--3857},
  year      = {2022},
  publisher = {IEEE}
}

@inproceedings{barreiro2021natural,
  title        = {Natural tactile interaction with virtual clay},
  author       = {Barreiro, H{\'e}ctor and Torres, Joan and Otaduy, Miguel A},
  booktitle    = {2021 IEEE World Haptics Conference (WHC)},
  pages        = {403--408},
  year         = {2021},
  organization = {IEEE}
}

@article{salagean2022virtual,
  title     = {A virtual reality application of the rubber hand illusion induced by ultrasonic mid-air haptic stimulation},
  author    = {Salagean, Anca and Hadnett-Hunter, Jacob and Finnegan, Daniel J and De Sousa, Alexandra A and Proulx, Michael J},
  journal   = {ACM Transactions on Applied Perception (TAP)},
  volume    = {19},
  number    = {1},
  pages     = {1--19},
  year      = {2022},
  publisher = {ACM New York, NY}
}

@article{klepsch2017development,
  title     = {Development and validation of two instruments measuring intrinsic, extraneous, and germane cognitive load},
  author    = {Klepsch, Melina and Schmitz, Florian and Seufert, Tina},
  journal   = {Frontiers in psychology},
  volume    = {8},
  pages     = {1997},
  year      = {2017},
  publisher = {Frontiers Media SA}
}

@article{keller1983motivational,
  title     = {Motivational design of instruction},
  author    = {Keller, John M},
  journal   = {Instructional Design Theories and Models: An Overview of Their Current Status (383-434)},
  year      = {1983},
  publisher = {Lawrence Erlbaum Associates}
}

@article{zenner2021combining,
  title     = {Combining dynamic passive haptics and haptic retargeting for enhanced haptic feedback in virtual reality},
  author    = {Zenner, Andr{\'e} and Ullmann, Kristin and Kr{\"u}ger, Antonio},
  journal   = {IEEE Transactions on Visualization and Computer Graphics},
  volume    = {27},
  number    = {5},
  pages     = {2627--2637},
  year      = {2021},
  publisher = {IEEE}
}

@article{milgram1994taxonomy,
  title     = {A taxonomy of mixed reality visual displays},
  author    = {Milgram, Paul and Kishino, Fumio},
  journal   = {IEICE TRANSACTIONS on Information and Systems},
  volume    = {77},
  number    = {12},
  pages     = {1321--1329},
  year      = {1994},
  publisher = {The Institute of Electronics, Information and Communication Engineers}
}

@article{salvato2022predicting,
  title     = {Predicting hand-object interaction for improved haptic feedback in mixed reality},
  author    = {Salvato, Mike and Heravi, Negin and Okamura, Allison M and Bohg, Jeannette},
  journal   = {IEEE Robotics and Automation Letters},
  volume    = {7},
  number    = {2},
  pages     = {3851--3857},
  year      = {2022},
  publisher = {IEEE}
}

@article{10.3389/frvir.2023.1187883,
  author  = {Rettinger, Maximilian  and Rigoll, Gerhard },
  title   = {Touching the future of training: investigating tangible interaction in virtual reality},
  journal = {Frontiers in Virtual Reality},
  volume  = {Volume 4 - 2023},
  year    = {2023},
  doi     = {10.3389/frvir.2023.1187883},
  issn    = {2673-4192}
}

@article{10.1145/3593429,
  author     = {Hulusic, Vedad and Gusia, Linda and Luci, Nita and Smith, Michael},
  title      = {Tangible User Interfaces for Enhancing User Experience of Virtual Reality Cultural Heritage Applications for Utilization in Educational Environment},
  year       = {2023},
  issue_date = {June 2023},
  publisher  = {Association for Computing Machinery},
  address    = {New York, NY, USA},
  volume     = {16},
  number     = {2},
  issn       = {1556-4673},
  doi        = {10.1145/3593429},
  journal    = {J. Comput. Cult. Herit.},
  month      = jun,
  articleno  = {38},
  numpages   = {24},
  keywords   = {education, immersion, user experience, usability, Virtual Reality, tangible user interfaces, Interaction}
}

@article{Mayer01012003,
  author    = {Richard E. Mayer and Roxana Moreno},
  title     = {Nine Ways to Reduce Cognitive Load in Multimedia Learning},
  journal   = {Educational Psychologist},
  volume    = {38},
  number    = {1},
  pages     = {43--52},
  year      = {2003},
  publisher = {Routledge},
  doi       = {10.1207/S15326985EP3801\_6}
}

@article{DUBOVI2022104495,
  title    = {Cognitive and emotional engagement while learning with VR: The perspective of multimodal methodology},
  journal  = {Computers \& Education},
  volume   = {183},
  pages    = {104495},
  year     = {2022},
  issn     = {0360-1315},
  doi      = {https://doi.org/10.1016/j.compedu.2022.104495},
  author   = {Ilana Dubovi},
  keywords = {Eye-tracking, Facial expression, Electrodermal activity, Engagement, Virtual reality}
}