@article{fang2024interactive,
  title     = {Interactive design with gesture and voice recognition in virtual teaching environments},
  author    = {Fang, Ke and Wang, Jing},
  journal   = {IEEE Access},
  volume    = {12},
  pages     = {4213--4224},
  year      = {2024},
  publisher = {IEEE}
}

@inproceedings{hinckley1994passive,
  title     = {Passive real-world interface props for neurosurgical visualization},
  author    = {Hinckley, Ken and Pausch, Randy and Goble, John C and Kassell, Neal F},
  booktitle = {Proceedings of the SIGCHI conference on Human factors in computing systems},
  pages     = {452--458},
  year      = {1994}
}

@book{insko2001passive,
  title     = {Passive haptics significantly enhances virtual environments},
  author    = {Insko, Brent Edward},
  year      = {2001},
  publisher = {The University of North Carolina at Chapel Hill}
}

@inproceedings{shigeyama2019transcalibur,
  title     = {Transcalibur: A weight shifting virtual reality controller for 2d shape rendering based on computational perception model},
  author    = {Shigeyama, Jotaro and Hashimoto, Takeru and Yoshida, Shigeo and Narumi, Takuji and Tanikawa, Tomohiro and Hirose, Michitaka},
  booktitle = {Proceedings of the 2019 CHI Conference on Human Factors in Computing Systems},
  pages     = {1--11},
  year      = {2019}
}

@article{zenner2017shifty,
  title     = {Shifty: A weight-shifting dynamic passive haptic proxy to enhance object perception in virtual reality},
  author    = {Zenner, Andre and Kr{\"u}ger, Antonio},
  journal   = {IEEE transactions on visualization and computer graphics},
  volume    = {23},
  number    = {4},
  pages     = {1285--1294},
  year      = {2017},
  publisher = {IEEE}
}

@inproceedings{amaral2024interactive,
  title     = {Interactive Educational Game for Chemistry in Virtual Reality with User Gesture Interactions via Smartwatches},
  author    = {Amaral, Lucas and Santos, Jamilly and Soares, Fabrizzio and Felix, Juliana and Cardoso, Luciana and Nascimento, Thamer Horbylon},
  booktitle = {Proceedings of the 26th Symposium on Virtual and Augmented Reality},
  pages     = {294--298},
  year      = {2024}
}

@inproceedings{strandholt2020knock,
  title     = {Knock on wood: Combining redirected touching and physical props for tool-based interaction in virtual reality},
  author    = {Strandholt, Patrick L and Dogaru, Oana A and Nilsson, Niels C and Nordahl, Rolf and Serafin, Stefania},
  booktitle = {Proceedings of the 2020 CHI Conference on Human Factors in Computing Systems},
  pages     = {1--13},
  year      = {2020}
}

@article{rettinger2023touching,
  title     = {Touching the future of training: investigating tangible interaction in virtual reality},
  author    = {Rettinger, Maximilian and Rigoll, Gerhard},
  journal   = {Frontiers in virtual reality},
  volume    = {4},
  pages     = {1187883},
  year      = {2023},
  publisher = {Frontiers Media SA}
}

@inproceedings{fang2023vr,
  title     = {Vr haptics at home: Repurposing everyday objects and environment for casual and on-demand vr haptic experiences},
  author    = {Fang, Cathy Mengying and Suzuki, Ryo and Leithinger, Daniel},
  booktitle = {Extended Abstracts of the 2023 CHI Conference on Human Factors in Computing Systems},
  pages     = {1--7},
  year      = {2023}
}

@article{bonfert2023challenges,
  title     = {Challenges of controlling the rotation of virtual objects with variable grip using force-feedback gloves},
  author    = {Bonfert, Michael and H{\"u}binger, Maiko and Malaka, Rainer},
  journal   = {Frontiers in Virtual Reality},
  volume    = {4},
  pages     = {1190426},
  year      = {2023},
  publisher = {Frontiers Media SA}
}

@article{schubert2001experience,
  title     = {The experience of presence: Factor analytic insights},
  author    = {Schubert, Thomas and Friedmann, Frank and Regenbrecht, Holger},
  journal   = {Presence: Teleoperators \& Virtual Environments},
  volume    = {10},
  number    = {3},
  pages     = {266--281},
  year      = {2001},
  publisher = {MIT Press One Rogers Street, Cambridge, MA 02142-1209, USA journals-info~â€¦}
}

@article{keller1983motivational,
  title     = {Motivational design of instruction},
  author    = {Keller, John M},
  journal   = {Instructional Design Theories and Models: An Overview of Their Current Status (383-434)},
  year      = {1983},
  publisher = {Lawrence Erlbaum Associates}
}

@article{zenner2021combining,
  title     = {Combining dynamic passive haptics and haptic retargeting for enhanced haptic feedback in virtual reality},
  author    = {Zenner, Andr{\'e} and Ullmann, Kristin and Kr{\"u}ger, Antonio},
  journal   = {IEEE Transactions on Visualization and Computer Graphics},
  volume    = {27},
  number    = {5},
  pages     = {2627--2637},
  year      = {2021},
  publisher = {IEEE}
}

@article{yang2019gesture,
  title     = {Gesture interaction in virtual reality},
  author    = {Yang, LI and Huang, Jin and Feng, TIAN and Hong-An, WANG and Guo-Zhong, DAI},
  journal   = {Virtual Reality \& Intelligent Hardware},
  volume    = {1},
  number    = {1},
  pages     = {84--112},
  year      = {2019},
  publisher = {Elsevier}
}

@inproceedings{10574578,
  author    = {Singh, Vinayak Kumar and Kalinathan, Lekshmi and Marimuthu, Marimuthu and Vadivel, Sengazhani Murugesan and Palani, Saravanan},
  booktitle = {2024 3rd International Conference on Artificial Intelligence For Internet of Things (AIIoT)},
  title     = {Advancing Virtual Reality Interaction through Real-Time Hand Gesture Recognition for Immersive Experiences},
  year      = {2024},
  volume    = {},
  number    = {},
  pages     = {1-4},
  keywords  = {Surveys;Deep learning;Training;Solid modeling;Shape;Gesture recognition;Virtual reality;Virtual Reality;Hand Gesture Recognition;Computer Vision;Real-time Technology and Deep Learning},
  doi       = {10.1109/AIIoT58432.2024.10574578}
}

@article{mitra2007gesture,
  title     = {Gesture recognition: A survey},
  author    = {Mitra, Sushmita and Acharya, Tinku},
  journal   = {IEEE Transactions on Systems, Man, and Cybernetics, Part C (Applications and Reviews)},
  volume    = {37},
  number    = {3},
  pages     = {311--324},
  year      = {2007},
  publisher = {IEEE}
}

@article{10580881,
  author   = {Osman Hashi, Abdirahman and Zaiton Mohd Hashim, Siti and Bte Asamah, Azurah},
  journal  = {IEEE Access},
  title    = {A Systematic Review of Hand Gesture Recognition: An Update From 2018 to 2024},
  year     = {2024},
  volume   = {12},
  number   = {},
  pages    = {143599-143626},
  keywords = {Sign language;Location awareness;Task analysis;Reviews;Linguistics;Complexity theory;Assistive technologies;Gesture recognition;Vision sensors;Feature extraction;Sign language recognition;dynamic hand gesture recognition;vision-based hand gesture;sensor-based hand gesture;hybrid-based hand gesture;classification;feature extraction},
  doi      = {10.1109/ACCESS.2024.3421992}
}


@article{app14114935,
  author         = {Laine, Teemu H. and Suk, Hae Jung},
  title          = {Investigating User Experience of an Immersive Virtual Reality Simulation Based on a Gesture-Based User Interface},
  journal        = {Applied Sciences},
  volume         = {14},
  year           = {2024},
  number         = {11},
  article-number = {4935},
  url            = {https://www.mdpi.com/2076-3417/14/11/4935},
  issn           = {2076-3417},
  doi            = {10.3390/app14114935}
}

@article{wu2024empirical,
  title     = {An empirical practice of design and evaluation of freehand interaction gestures in virtual reality},
  author    = {Wu, Ying and Wang, Yigang and Lou, Xiaolong and Zhang, Mingwei},
  journal   = {Multimedia Tools and Applications},
  volume    = {83},
  number    = {17},
  pages     = {52481--52507},
  year      = {2024},
  publisher = {Springer}
}

@article{herbert2024static,
  title     = {Static and dynamic hand gestures: a review of techniques of virtual reality manipulation},
  author    = {Herbert, Oswaldo Mendoza and P{\'e}rez-Granados, David and Ruiz, Mauricio Alberto Ortega and Cadena Mart{\'\i}nez, Rodrigo and Guti{\'e}rrez, Carlos Alberto Gonz{\'a}lez and Antu{\~n}ano, Marco Antonio Zamora},
  journal   = {Sensors},
  volume    = {24},
  number    = {12},
  pages     = {3760},
  year      = {2024},
  publisher = {MDPI}
}

@article{lou2018analysis,
  title   = {Analysis of the gesture design principles in human-computer interaction},
  author  = {Lou, ZH and Yin, JB},
  journal = {Softw Guide},
  volume  = {17},
  number  = {4},
  pages   = {19--24},
  year    = {2018}
}

@phdthesis{karam2006framework,
  title  = {A framework for research and design of gesture-based human-computer interactions},
  author = {Karam, Maria},
  year   = {2006},
  school = {University of Southampton}
}

@article{lu2024chemical,
  title     = {Chemical simulation teaching system based on virtual reality and gesture interaction},
  author    = {Lu, Dengzhen and Li, Hengyi and Qiu, Boyu and Liu, Siyuan and Qi, Shuhan},
  journal   = {Virtual Reality \& Intelligent Hardware},
  volume    = {6},
  number    = {2},
  pages     = {148--168},
  year      = {2024},
  publisher = {Elsevier}
}

@article{vaghela2021active,
  title     = {Active vs passive haptic feedback technology in virtual reality arthroscopy simulation: Which is most realistic?},
  author    = {Vaghela, Kalpesh R and Trockels, Amaury and Carobene, Marco},
  journal   = {Journal of clinical orthopaedics and trauma},
  volume    = {16},
  pages     = {249--256},
  year      = {2021},
  publisher = {Elsevier}
}

@inproceedings{henderson2008opportunistic,
  title     = {Opportunistic controls: leveraging natural affordances as tangible user interfaces for augmented reality},
  author    = {Henderson, Steven J and Feiner, Steven},
  booktitle = {Proceedings of the 2008 ACM symposium on Virtual reality software and technology},
  pages     = {211--218},
  year      = {2008}
}

@inproceedings{shapira2016tactilevr,
  title        = {TactileVR: integrating physical toys into learn and play virtual reality experiences},
  author       = {Shapira, Lior and Amores, Judith and Benavides, Xavier},
  booktitle    = {2016 IEEE International Symposium on Mixed and Augmented Reality (ISMAR)},
  pages        = {100--106},
  year         = {2016},
  organization = {IEEE}
}

@inproceedings{10.1145/3313831.3376313,
  author    = {Zhou, Qian and Sykes, Sarah and Fels, Sidney and Kin, Kenrick},
  title     = {Gripmarks: Using Hand Grips to Transform In-Hand Objects into Mixed Reality Input},
  year      = {2020},
  isbn      = {9781450367080},
  publisher = {Association for Computing Machinery},
  address   = {New York, NY, USA},
  url       = {https://doi.org/10.1145/3313831.3376313},
  doi       = {10.1145/3313831.3376313},
  pages     = {1â€“11},
  numpages  = {11},
  keywords  = {grip recognition, gripmarks, mixed reality, tangible objects},
  location  = {Honolulu, HI, USA},
  series    = {CHI '20}
}

@article{10.1145/3593429,
  author     = {Hulusic, Vedad and Gusia, Linda and Luci, Nita and Smith, Michael},
  title      = {Tangible User Interfaces for Enhancing User Experience of Virtual Reality Cultural Heritage Applications for Utilization in Educational Environment},
  year       = {2023},
  issue_date = {June 2023},
  publisher  = {Association for Computing Machinery},
  address    = {New York, NY, USA},
  volume     = {16},
  number     = {2},
  issn       = {1556-4673},
  url        = {https://doi.org/10.1145/3593429},
  doi        = {10.1145/3593429},
  journal    = {J. Comput. Cult. Herit.},
  month      = jun,
  articleno  = {38},
  numpages   = {24},
  keywords   = {education, immersion, user experience, usability, Virtual Reality, tangible user interfaces, Interaction}
}


@article{informatics9040075,
  author         = {Kuhail, Mohammad Amin and ElSayary, Areej and Farooq, Shahbano and Alghamdi, Ahlam},
  title          = {Exploring Immersive Learning Experiences: A Survey},
  journal        = {Informatics},
  volume         = {9},
  year           = {2022},
  number         = {4},
  article-number = {75},
  url            = {https://www.mdpi.com/2227-9709/9/4/75},
  issn           = {2227-9709},
  doi            = {10.3390/informatics9040075}
}


@article{virtualworlds3040026,
  author  = {Muzata, Artwell Regis and Singh, Ghanshyam and Stepanov, Mikhail Sergeevich and Musonda, Innocent},
  title   = {Immersive Learning: A Systematic Literature Review on Transforming Engineering Education Through Virtual Reality},
  journal = {Virtual Worlds},
  volume  = {3},
  year    = {2024},
  number  = {4},
  pages   = {480--505},
  url     = {https://www.mdpi.com/2813-2084/3/4/26},
  issn    = {2813-2084},
  doi     = {10.3390/virtualworlds3040026}
}

@inproceedings{10.1145/2858036.2858226,
  author    = {Azmandian, Mahdi and Hancock, Mark and Benko, Hrvoje and Ofek, Eyal and Wilson, Andrew D.},
  title     = {Haptic Retargeting: Dynamic Repurposing of Passive Haptics for Enhanced Virtual Reality Experiences},
  year      = {2016},
  isbn      = {9781450333627},
  publisher = {Association for Computing Machinery},
  address   = {New York, NY, USA},
  doi       = {10.1145/2858036.2858226},
  booktitle = {Proceedings of the 2016 CHI Conference on Human Factors in Computing Systems},
  pages     = {1968â€“1979},
  numpages  = {12},
  keywords  = {virtual reality, perception, haptics},
  location  = {San Jose, California, USA},
  series    = {CHI '16}
}

@inproceedings{10.1145/3025453.3025753,
  author    = {Cheng, Lung-Pan and Ofek, Eyal and Holz, Christian and Benko, Hrvoje and Wilson, Andrew D.},
  title     = {Sparse Haptic Proxy: Touch Feedback in Virtual Environments Using a General Passive Prop},
  year      = {2017},
  isbn      = {9781450346559},
  publisher = {Association for Computing Machinery},
  address   = {New York, NY, USA},
  url       = {https://doi.org/10.1145/3025453.3025753},
  doi       = {10.1145/3025453.3025753},
  booktitle = {Proceedings of the 2017 CHI Conference on Human Factors in Computing Systems},
  pages     = {3718â€“3728},
  numpages  = {11},
  keywords  = {virtual reality, retargeting, perception, passive haptics},
  location  = {Denver, Colorado, USA},
  series    = {CHI '17}
}

@incollection{matthews2019head,
  title     = {Head gaze target selection for redirected interaction},
  author    = {Matthews, Brandon J and Smith, Ross T},
  booktitle = {SIGGRAPH Asia 2019 XR},
  pages     = {13--14},
  year      = {2019}
}

@inproceedings{zenner2019estimating,
  title        = {Estimating detection thresholds for desktop-scale hand redirection in virtual reality},
  author       = {Zenner, Andr{\'e} and Kr{\"u}ger, Antonio},
  booktitle    = {2019 IEEE Conference on Virtual Reality and 3D User Interfaces (VR)},
  pages        = {47--55},
  year         = {2019},
  organization = {IEEE}
}

@inproceedings{hartfill2021analysis,
  title     = {Analysis of detection thresholds for hand redirection during mid-air interactions in virtual reality},
  author    = {Hartfill, Judith and Gabel, Jenny and Kruse, Lucie and Schmidt, Susanne and Riebandt, Kevin and K{\"u}hn, Simone and Steinicke, Frank},
  booktitle = {Proceedings of the 27th ACM Symposium on Virtual Reality Software and Technology},
  pages     = {1--10},
  year      = {2021}
}

@inproceedings{zenner2021hart,
  title     = {Hart-the virtual reality hand redirection toolkit},
  author    = {Zenner, Andr{\'e} and Kriegler, Hannah Maria and Kr{\"u}ger, Antonio},
  booktitle = {Extended Abstracts of the 2021 CHI Conference on Human Factors in Computing Systems},
  pages     = {1--7},
  year      = {2021}
}

@article{10816517,
  author   = {Sun, Aoxin and Wu, Jian and Fan, Runze and Im, Sio Kei and Wang, Lili},
  journal  = {IEEE Transactions on Visualization and Computer Graphics},
  title    = {Efficient and Comfortable Haptic Retargeting With Reset Point Optimization},
  year     = {2025},
  volume   = {31},
  number   = {9},
  pages    = {6588-6602},
  keywords = {Haptic interfaces;Hands;Virtual reality;Shape;Visualization;Psychology;Optimization methods;Ergonomics;Sun;Reviews;Virtual reality;haptic retargeting;ergonomics;psychology;reset techniques},
  doi      = {10.1109/TVCG.2024.3523042}
}
